[gd_scene load_steps=17 format=2]

[ext_resource path="res://res/sprites/diagonal_gun.png" type="Texture" id=1]
[ext_resource path="res://res/sprites/invincibility.png" type="Texture" id=2]
[ext_resource path="res://Powerups.gd" type="Script" id=3]
[ext_resource path="res://res/sprites/diagonal_gun2.png" type="Texture" id=4]
[ext_resource path="res://res/sprites/diagonal_gun3.png" type="Texture" id=5]
[ext_resource path="res://res/sprites/powerUpPlus.png" type="Texture" id=6]
[ext_resource path="res://res/sprites/rapid_fire.png" type="Texture" id=7]
[ext_resource path="res://res/sprites/missile2.png" type="Texture" id=8]
[ext_resource path="res://res/sprites/wingman3.png" type="Texture" id=9]
[ext_resource path="res://res/sprites/wingman.png" type="Texture" id=10]
[ext_resource path="res://res/sprites/tagalong.png" type="Texture" id=11]
[ext_resource path="res://res/sprites/wingman2.png" type="Texture" id=12]
[ext_resource path="res://res/sprites/cross_attack.png" type="Texture" id=13]
[ext_resource path="res://res/sprites/escape.png" type="Texture" id=14]

[sub_resource type="SpriteFrames" id=1]
animations = [ {
"frames": [ ExtResource( 6 ) ],
"loop": true,
"name": "plus",
"speed": 5.0
}, {
"frames": [ ExtResource( 1 ) ],
"loop": true,
"name": "diagonal",
"speed": 5.0
}, {
"frames": [ ExtResource( 11 ) ],
"loop": true,
"name": "tagalong",
"speed": 5.0
}, {
"frames": [ ExtResource( 12 ) ],
"loop": true,
"name": "wingman",
"speed": 5.0
}, {
"frames": [ ExtResource( 13 ) ],
"loop": true,
"name": "cross_attack",
"speed": 5.0
}, {
"frames": [ ExtResource( 7 ) ],
"loop": true,
"name": "rapid",
"speed": 5.0
}, {
"frames": [ ExtResource( 2 ) ],
"loop": true,
"name": "invincibility",
"speed": 5.0
}, {
"frames": [ ExtResource( 5 ) ],
"loop": true,
"name": "rear_gun",
"speed": 5.0
}, {
"frames": [ ExtResource( 9 ) ],
"loop": true,
"name": "berserk",
"speed": 5.0
}, {
"frames": [ ExtResource( 10 ) ],
"loop": true,
"name": "mother",
"speed": 5.0
}, {
"frames": [ ExtResource( 8 ) ],
"loop": true,
"name": "mega",
"speed": 5.0
}, {
"frames": [ ExtResource( 4 ) ],
"loop": true,
"name": "4way",
"speed": 5.0
}, {
"frames": [ ExtResource( 14 ) ],
"loop": true,
"name": "escape",
"speed": 5.0
} ]

[sub_resource type="CircleShape2D" id=2]
radius = 13.5663

[node name="Powerups" type="Node2D"]
scale = Vector2( 2, 2 )
script = ExtResource( 3 )
__meta__ = {
"_edit_group_": true
}

[node name="Sprite" type="AnimatedSprite" parent="."]
scale = Vector2( 0.5, 0.5 )
frames = SubResource( 1 )
animation = "escape"

[node name="Area2D" type="Area2D" parent="."]
collision_layer = 5

[node name="CollisionShape2D" type="CollisionShape2D" parent="Area2D"]
position = Vector2( -0.793701, -2.3811 )
shape = SubResource( 2 )
[connection signal="body_entered" from="Area2D" to="." method="_on_Area2D_body_entered"]
